<mx:record xmlns="http://www.w3.org/TR/xhtml1/strict" xmlns:mx="http://www.loc.gov/MARC21/slim" xmlns:xsi="http://www.w3.org/2001/XMLSchema-instance"><mx:leader>00000cz   2200000n  4500</mx:leader><mx:controlfield tag="001">oca01576379 </mx:controlfield><mx:controlfield tag="005">19991222070311.0</mx:controlfield><mx:controlfield tag="008">860506n| acannaabn          |a aaa      </mx:controlfield><mx:datafield ind1=" " ind2=" " tag="010"><mx:subfield code="a">n  86825160 </mx:subfield></mx:datafield><mx:datafield ind1=" " ind2=" " tag="040"><mx:subfield code="a">DLC</mx:subfield><mx:subfield code="b">eng</mx:subfield><mx:subfield code="c">DLC</mx:subfield><mx:subfield code="d">DLC</mx:subfield><mx:subfield code="d">LNT</mx:subfield></mx:datafield><mx:datafield ind1="1" ind2=" " tag="100"><mx:subfield code="a">Paris, Julius</mx:subfield></mx:datafield><mx:datafield ind1="1" ind2=" " tag="400"><mx:subfield code="a">Paris, Iulius</mx:subfield></mx:datafield><mx:datafield ind1=" " ind2=" " tag="670"><mx:subfield code="a">nuc86-41231: Valerius Maximus. Factorum et dictorum memorabilium ... [MI] 1865</mx:subfield><mx:subfield code="b">(usage on MH rept.: Iulii Paridis)</mx:subfield></mx:datafield><mx:datafield ind1=" " ind2=" " tag="670"><mx:subfield code="a">NUC Pre-56, nv0016382</mx:subfield><mx:subfield code="b">(hdg.: Paris, Julius, fl. ca. 500)</mx:subfield></mx:datafield><mx:datafield ind1=" " ind2=" " tag="670"><mx:subfield code="a">Valeri Maximi Facta et dicta memorabilia, 1998:</mx:subfield><mx:subfield code="b">p. xi-xii (Iulius Paris)</mx:subfield></mx:datafield><mx:datafield ind1=" " ind2=" " tag="999"><mx:subfield code="a">510.2470</mx:subfield></mx:datafield></mx:record>